@article{cousot,
    author={Cousot, P. and Cousot, R.},
    title={Abstract interpretation: a unified lattice model for static analysis of programs by construction or approximation of fixpoints},
    journal={Proceedings of the 4th ACM SIGACT-SIGPLAN symposium on Principles of programming languages},
    year={1977}
}

@book{calcolability,
    author={Rogers, H.},
    title={Theory of recursive functions and effective computability},
    publisher={MIT Press},
    year={1988}
}